<?xml version="1.0" encoding="UTF-8"?><collection xmlns="http://www.loc.gov/MARC21/slim"><record><leader>00536nam--2200169-u-4500</leader><controlfield tag="001">000055590</controlfield><controlfield tag="002">20161230</controlfield><controlfield tag="005">20161230201052</controlfield><controlfield tag="008">130227s1000------------r-----000-0-eng-d</controlfield><datafield ind1=" " ind2=" " tag="040"><subfield code="a">IFIN-HH</subfield></datafield><datafield ind1=" " ind2=" " tag="080"><subfield code="a">413.232=2=S:662.6</subfield></datafield><datafield ind1="1" ind2=" " tag="100"><subfield code="a">Chochia, A.P</subfield></datafield><datafield ind1="1" ind2="0" tag="245"><subfield code="a">English-russian dictionary on fuels and oils</subfield><subfield code="b">Anglo-russkii slovari po toplivam i maslam</subfield><subfield code="c">A.p. chochia</subfield></datafield><datafield ind1=" " ind2=" " tag="260"><subfield code="a">Moskva</subfield><subfield code="b">State Publishing Office For Technical And Theoretical Literature</subfield><subfield code="c">1956</subfield></datafield><datafield ind1=" " ind2=" " tag="300"><subfield code="a">545P</subfield></datafield><datafield ind1=" " ind2=" " tag="852"><subfield code="a">D.81</subfield><subfield code="c">SLCH</subfield></datafield><datafield ind1=" " ind2=" " tag="CAT"><subfield code="a">Sys</subfield><subfield code="c">20130227</subfield><subfield code="h">170544</subfield></datafield></record></collection>